=LDR  04768cas a2201129 a 4500
=001  011768135
=003  Uk
=005  20221025111457.0
=007  ta
=008  891204d19642012th\fr\p\\\\\\\0\\\a0eng\\
=019  2\$aompg0044
=019  c\$a2110328
=022  \\$a0147-5207
=040  \\$aUk$cUk$dUk
=041  0\$aeng$bmkh
=082  04$a495.93$222
=222  \0$aMon-Khmer studies
=245  00$aMon-Khmer studies.
=260  \\$a[Hue?] :$bSummer Institute of Linguistics,$c1964-2012.
=260  2\$31976$aManila :$bSummer Institute of Linguistics
=260  2\$31977-1989$aHonolulu [etc.] :$bUniversity Press of Hawaii
=260  2\$31990$aNakhon Pathom :$bInstitute of Language and Culture for Rural Development, Mahidol University at Salaya
=260  3\$31992-$aNakhon Pathom :$bInstitute of Language and Culture for Rural Development, Mahidol University at Salaya ;$aDallas :$bSIL International
=300  \\$avolumes ;$c23 cm
=310  \\$aSemiannual,$b2009-
=321  \\$aAnnual,$b1997-2007
=336  \\$atext$2rdacontent
=337  \\$aunmediated$2rdamedia
=338  \\$avolume$2rdacarrier
=362  0\$aVol. 1 (1964)-
=500  \\$aAvailable online Open Access from <a href="http://www.sealang.net/mks/">Mon-Khmer Studies Journal</a>
=530  \\$aAvailable online http://www.sealang.net/mks/
=540  \\$aBritish Library not licensed to copy$c0$5Uk
=580  \\$aFrom v. 41 (2012), issued online only.
=650  \0$aMon-Khmer languages$vPeriodicals.
=710  2\$aSummer Institute of Linguistics.
=710  2\$31977-1990.$aUniversity of Hawaii (Honolulu)
=710  2\$31973.$aSouthern Illinois University at Carbondale.$bCenter for Vietnamese Studies.
=710  2\$31964$aLinguistic Circle of Saigon,
=740  02$aMon-Khmer studies series. Special edition.
=770  0\$tMon-Khmer studies series. Special edition
=785  10$tMon-Khmer studies journal
=852  41$aBritish Library$bOC$j14303.g.35$3Vol. 4 (1973)-v. 40 (2011)
=852  41$aBritish Library$bDSC$j5909.370000$3Vol. 1 (1964)-v. 39 (2010)
=856  40$uhttp://www.sealang.net/mks/$yMon-Khmer Studies Journal
=945  \\$aMONKHMER STUDIES
=957  \\$ap
=959  \\$fHeld but not currently received
=963  \\$a1, 1964 *A=1; 3, 1969- *A=1$bN$cP843.C.1
=985  \\$aCorrected by MS generated file for WR# 12.018
=985  \\$aRecord merged by DQ team
=A02  \\$a2110328
=ACF  \\$aPrevious copyright fee: GBP9.00$c0$e01-apr-2010$fGBP9.00$g0$hA$5Uk
=ACF  \\$aPrevious copyright fee: GBP6.00$c0$e01-apr-2008$fGBP6.00$g0$hA$5Uk
=ACF  \\$aPrevious copyright fee: GBP5.00$c0$e01-jul-2002$fGBP5.00$g0$hA$5Uk
=ACF  \\$aCurrent copyright fee: GBP2.50$c0$e01-jul-1998$fGBP2.50$g0$hC$5Uk
=ACF  \\$aCurrent copyright fee: GBP2.30$c0$e01-apr-1997$fGBP2.30$g0$hC$5Uk
=ACF  \\$aPrevious copyright fee: GBP10.50$c0$e01-jan-2011$fGBP10.50$g0$hA$5Uk
=CAT  \\$aCONV$b00$c20040425$lBLL90$h0706
=CAT  \\$aBATCH$b00$c20091122$lBLL01$h1906
=CAT  \\$aBATCH$b00$c20091210$lBLL01$h0617
=CAT  \\$aBATCH$b00$c20091214$lBLL01$h0828
=CAT  \\$aBATCH$b00$c20091216$lBLL01$h0205
=CAT  \\$aBATCH-UPD$b00$c20100226$lBLL01$h0112
=CAT  \\$aBATCH-UPD$b00$c20100331$lBLL01$h2305
=CAT  \\$aBATCH-UPD$b00$c20100401$lBLL01$h0229
=CAT  \\$aBATCH$b00$c20100401$lBLL01$h0531
=CAT  \\$aBATCH$b00$c20100401$lBLL01$h1601
=CAT  \\$aBATCH-UPD$b00$c20101124$lBLL01$h1925
=CAT  \\$aBATCH-UPD$b00$c20101125$lBLL01$h1152
=CAT  \\$aIPL-CLA$c20101231$lBLL01$h1441
=CAT  \\$aCDS12-UPD$b40$c20110711$lBLL01$h1852
=CAT  \\$aBATCH-UPD$b40$c20110907$lBLL01$h1820
=CAT  \\$aIPL-CLA$c20110908$lBLL01$h1735
=CAT  \\$aBATCH-UPD$b00$c20120614$lBLL01$h2124
=CAT  \\$aBLSS-CORR$b00$c20120724$lBLL01$h1759
=CAT  \\$a8323$b40$c20121105$lBLL01$h1023
=CAT  \\$aBATCH-CLA$b00$c20121109$lBLL01$h1746
=CAT  \\$aWR13.005$c20130323$lBLL01$h1218
=CAT  \\$aBATCH-CLA$b00$c20131129$lBLL01$h1652
=CAT  \\$aIPL-CLA$c20131231$lBLL01$h2243
=CAT  \\$aBATCH-UPD$b00$c20150325$lBLL01$h1330
=CAT  \\$aBATCH-UPD$b00$c20151202$lBLL01$h0017
=CAT  \\$aBATCH-UPD$b00$c20170113$lBLL01$h2050
=CAT  \\$a12282$b40$c20221025$lBLL01$h1114
=CAT  \\$a12282$b40$c20221025$lBLL01$h1114
=CFI  0\$aBritish Library not licensed to copy$c0$e01-jan-2014$hC$iCFP Excluded$5Uk
=CFI  2\$aBritish Library not licensed to copy$c0$e07-sep-2011$hC$iTX$5Uk
=FIN  \\$aY$d20221025
=FMT  \\$a  SE
=LAS  \\$a12282$b40$c20221025$lBLL01$h1114
=LEO  \\$aMP13.0000770100
=LEO  \\$aMP10.0000380862
=SRC  \\$aHSS01$bbibmp13.200404.2.ab
=SRC  \\$aDSS01$bbibmp10.200404.2.aa
=TCO  \\$aTRS$bCCC$c008
=TOC  \\$aETOC

