=LDR  03761 as a2200949 a 4500
=001  010467996
=003  Uk
=005  20211012114141.0
=006  aa\\\|||||||||||||
=007  ta
=008  040409c19989999th\fr\p\\\\\\\0\\\a0fre\\
=019  2\$abld0079215
=019  c\$a2567949
=022  0\$a0859-9009
=040  \\$aUk$cUk$dUk
=041  0\$afre$beng
=210  0\$aAséanie
=222  \0$aAséanie
=245  00$aAséanie :$bsciences humaines en Asie du Sud-Est.
=260  \\$aBangkok :$bÉditions du Centre d'anthropologie Sirindhorn,$c1998-
=300  \\$av. :$bill. ;$c24 cm.
=310  \\$aTwo issues yearly
=336  \\$atext$2rdacontent
=337  \\$aunmediated$2rdamedia
=338  \\$avolume$2rdacarrier
=362  0\$a1 (mars 1998)-
=500  \\$aAvailable online Open Access from <a href="https://www.persee.fr/collection/asean">Persée</a>
=530  \\$aAvailable online https://www.persee.fr/collection/asean
=540  \\$aBritish Library not licensed to copy$c0$5Uk
=546  \\$aText in French, with abstracts in English.
=650  \0$aAnthropology$zAsia, Southeastern$xPeriodicals.
=651  \0$aAsia, Southeastern$xCivilisation$xPeriodicals.
=710  2\$aSūn Manutsayawitthayā Sirinthō̜n (Thailand)
=852  41$34$aBritish Library$bHMNTS$jWZOR.1998.a.33$3No. 1, (1998)-n. 33 (2014)
=856  40$uhttps://www.persee.fr/collection/asean$yPersée
=945  \\$aAseanie -Bangkok-.
=957  \\$a980619p
=963  \\$aCA/U20 VOL. 1, 1998- *A=1$bN
=979  \\$aBritish Library$bDSC$j1739.967000N
=985  \\$aRecord merged by DQ team
=A02  \\$a2567949
=ACF  \\$aPrevious copyright fee: GBP9.00$c0$e01-apr-2010$fGBP9.00$g0$hA$5Uk
=ACF  \\$aPrevious copyright fee: GBP6.00$c0$e01-apr-2008$fGBP6.00$g0$hA$5Uk
=ACF  \\$aPrevious copyright fee: GBP5.00$c0$e01-jul-2002$fGBP5.00$g0$hA$5Uk
=ACF  \\$aCurrent copyright fee: GBP4.40$c0$e01-jul-1998$fGBP4.40$g0$hA$5Uk
=ACF  \\$aCurrent copyright fee: GBP4.20$c0$e18-jun-1998$fGBP4.20$g0$hA$5Uk
=CAT  \\$aCONV$b00$c20040425$lBLL90$h0659
=CAT  \\$a8456$b40$c20070323$lBLL01$h1529
=CAT  \\$a8456$b40$c20070323$lBLL01$h1532
=CAT  \\$aBATCH-UPD$b40$c20080223$lBLL01$h1940
=CAT  \\$aBATCH-UPD$b40$c20080225$lBLL01$h2221
=CAT  \\$aBATCH-UPD$b40$c20080330$lBLL01$h0503
=CAT  \\$aBATCH-UPD$b40$c20080330$lBLL01$h1332
=CAT  \\$aBATCH$b00$c20080330$lBLL01$h2053
=CAT  \\$aBATCH$b00$c20091210$lBLL01$h0155
=CAT  \\$aBATCH$b00$c20091214$lBLL01$h0546
=CAT  \\$aBATCH$b00$c20091216$lBLL01$h0141
=CAT  \\$aBATCH-UPD$b00$c20100226$lBLL01$h0023
=CAT  \\$aBATCH-UPD$b00$c20100331$lBLL01$h2211
=CAT  \\$aBATCH-UPD$b00$c20100401$lBLL01$h0144
=CAT  \\$aBATCH$b00$c20100401$lBLL01$h0446
=CAT  \\$aBATCH$b00$c20100401$lBLL01$h1507
=CAT  \\$aBATCH-UPD$b00$c20101124$lBLL01$h1843
=CAT  \\$aBATCH-UPD$b00$c20101125$lBLL01$h1103
=CAT  \\$aIPL-CLA$c20101231$lBLL01$h1338
=CAT  \\$aBATCH-UPD$b00$c20110818$lBLL01$h2142
=CAT  \\$aBATCH-UPD$b00$c20110907$lBLL01$h1811
=CAT  \\$aIPL-CLA$c20110908$lBLL01$h1726
=CAT  \\$aBATCH-CLA$b00$c20121105$lBLL01$h1745
=CAT  \\$aWR13.005$c20130322$lBLL01$h2000
=CAT  \\$a12282$b40$c20210930$lBLL01$h1032
=CAT  \\$a12282$b40$c20211012$lBLL01$h1141
=CFI  0\$aBritish Library not licensed to copy$c0$e07-sep-2011$hC$iTX$5Uk
=CFI  2\$aPrevious copyright fee: GBP10.50$c0$e01-jan-2011$fGBP10.50$g0$hA$5Uk
=FIN  \\$aY$d20210930
=FMT  \\$a  SE
=LAS  \\$a12282$b40$c20211012$lBLL01$h1141
=LEO  \\$aMP13.0000205064
=LEO  \\$aMP10.0000077918
=SRC  \\$aHSS01$bbibmp13.200404.2.aa
=SRC  \\$aDSS01$bbibmp10.200404.2.aa
=TCO  \\$aXXX$c008

