=LDR  04377cas a2201105 a 4500
=001  010487095
=003  Uk
=005  20231012140728.0
=007  ta
=008  040409c19049999th\\x\\\\\\\\\0\\\a0eng\\
=019  c\$a2092600
=019  2\$aiolv06934
=019  2\$aompg0049
=019  x\$a0181200198
=019  2\$aiolv02133
=022  0\$a0304-226X$y0857-7099$y0080-9454
=040  \\$aUk$cUk$dUk
=041  0\$aeng$afre$ager$atha
=210  0\$aJ. Siam Soc.$b(Bangk.)
=222  \0$aJournal of the Siam Society$b(Bangkok)
=245  00$aJournal of the Siam Society.
=246  13$aJournal of the Thailand Research Society
=246  13$aJSS
=260  \\$aBangkok :$bSiam Society,$c1904-
=336  \\$atext$2rdacontent
=337  \\$aunmediated$2rdamedia
=338  \\$avolume$2rdacarrier
=500  \\$aAvailable online Open Access from <a href="https://so06.tci-thaijo.org/index.php/pub_jss">Thai Journal Online (ThaiJo)</a>
=500  \\$aVol. 32, pt. 1 (1940)-v. 35, pt. 2 (1944) have title: Journal of the Thailand Research Society.
=530  \\$aAvailable online https://so06.tci-thaijo.org/index.php/pub_jss
=540  \\$aBritish Library not licensed to copy$c0$5Uk
=546  \\$aSome articles in French, German and Thai.
=555  \\$aVols. 1-10, 1904-13 in v. 10; vols. 1-25, 1904-32 in v. 25.
=555  \\$aIndex: 1-25 (1904-1932) in separate volume.
=595  \\$aCONTD AS 4908.6125N FORMERLY 4908.6125N SEE ALSO SERIAL RECORDS LULS.
=651  \0$aThailand$xCivilization.
=651  \0$aThailand$vPeriodicals.
=710  2\$aSiam Society.
=710  2\$aThailand Research Society.
=773  0\$dBangkok : Siam Society, 1904-
=852  41$aBritish Library$bOC$jST 303
=852  41$aBritish Library$bOC$jSiam.297
=852  41$aBritish Library$bDSC$j4876.250000$3Vol. 1 (1904)-***UKRR Retained Title***Stock Incomplete
=856  40$uhttps://so06.tci-thaijo.org/index.php/pub_jss$yThai Journal Online (ThaiJo)
=945  \\$aJournal- Siam Society
=959  \\$fCurrently received
=963  \\$aVOL. 1, 1904- 75, 1987 *A=1; 77, 1989- *A=1$bY$cP632:4.B.1
=985  \\$aCONF. ANALYTIC RECORDS ATTACHED.
=985  \\$aUpgraded by BSS-generated file for WR2011-1473
=A02  \\$a2092600
=ACF  \\$aPrevious copyright fee: GBP5.00$c0$e01-jul-2002$fGBP5.00$g0$hC$5Uk
=ACF  \\$aCurrent copyright fee: GBP2.50$c0$e01-jul-1998$fGBP2.50$g0$hC$5Uk
=ACF  \\$aCurrent copyright fee: GBP2.30$c0$e01-apr-1997$fGBP2.30$g0$hC$5Uk
=CAT  \\$aCONV$b00$c20040425$lBLL90$h0705
=CAT  \\$a8456$b40$c20080806$lBLL01$h1026
=CAT  \\$a8456$b40$c20080806$lBLL01$h1034
=CAT  \\$a6537$b40$c20090907$lBLL01$h1119
=CAT  \\$aBATCH$b00$c20091210$lBLL01$h0202
=CAT  \\$aBATCH$b00$c20091214$lBLL01$h0549
=CAT  \\$aBATCH$b00$c20091216$lBLL01$h0143
=CAT  \\$aBATCH-UPD$b00$c20101201$lBLL01$h1232
=CAT  \\$aIPL-CLA$c20101231$lBLL01$h1346
=CAT  \\$a8962$b40$c20110808$lBLL01$h1150
=CAT  \\$aBATCH-UPD$b40$c20110907$lBLL01$h1812
=CAT  \\$aIPL-CLA$c20110908$lBLL01$h1727
=CAT  \\$aBATCH-CLA$b00$c20121105$lBLL01$h1742
=CAT  \\$aWR13.005$c20130322$lBLL01$h2009
=CAT  \\$a5410$b40$c20151130$lBLL01$h1510
=CAT  \\$a5410$b40$c20151130$lBLL01$h1545
=CAT  \\$aW2011-1473$b00$c20201124$lBLL01$h1842
=CAT  \\$a12282$b40$c20210623$lBLL01$h1314
=CAT  \\$a12282$b40$c20210623$lBLL01$h1348
=CAT  \\$a12282$b40$c20210623$lBLL01$h1349
=CAT  \\$a12282$b40$c20210624$lBLL01$h1359
=CAT  \\$a12282$b40$c20210625$lBLL01$h0945
=CAT  \\$a12282$b40$c20210625$lBLL01$h0946
=CAT  \\$a12282$b40$c20210629$lBLL01$h1141
=CAT  \\$a12282$b40$c20211001$lBLL01$h1108
=CAT  \\$a12282$b40$c20211008$lBLL01$h0907
=CAT  \\$a8323$b40$c20231012$lBLL01$h1407
=CFI  0\$aBritish Library not licensed to copy$c0$e07-sep-2011$hC$iTX$5Uk
=CFI  2\$aPrevious copyright fee: GBP10.50$c0$e01-jan-2011$fGBP10.50$g0$hA$5Uk
=FIN  \\$aY$d20210623
=FMT  \\$a  SE
=LAS  \\$a8323$b40$c20231012$lBLL01$h1407
=LEO  \\$aMP13.0000560509
=LEO  \\$aMP1.0000211618
=LEO  \\$aMP13.0000770105
=LEO  \\$aMP13.0000565275
=LEO  \\$aMP10.0000317689
=SRC  \\$aHSS01$bbibmp13.200404.2.ab
=SRC  \\$aBLS01$bbibmp1.200404.2.aa
=SRC  \\$aDSS01$bbibmp10.200404.2.aa
=TCO  \\$aXXX$c008
=TOC  \\$aETOC

