=LDR  01872cas a2200505ua 4500
=001  009316870
=003  Uk
=005  20220814081412.0
=008  930126c19479999th\br|p|\|\\\||\\\i0tha\\
=019  2\$aompg0052
=022  0\$a0125-0531
=040  \\$aUk$beng$cUk
=042  \\$aukblsr
=222  \0$aSinlapākǭn.
=245  00$aSinlapākǭn.
=246  31$aSilpakorn journal
=260  \\$aKrungthēp [Bangkok] :$bKrom Sinlapākǭn,$c1947-
=300  \\$av.
=310  \\$aBi-monthly
=336  \\$atext$2rdacontent
=337  \\$aunmediated$2rdamedia
=338  \\$avolume$2rdacarrier
=362  0\$aPī thī 1, lem 1 (1947)-
=500  \\$aAvailable online Open Access from <a href="https://www.finearts.go.th/main/categorie/ebook?type_id=2&fbclid">Krom Sinlapākǭn = กรมศิลปากร</a>
=530  \\$aAvailable online https://www.finearts.go.th/main/categorie/ebook?type_id=2&fbclid
=650  \0$aThai periodicals.
=650  \0$aArt, Thai.
=852  41$aBritish Library$bOC$jSIAM.290$3Holdings: v. 1, no. 1 (Jan. 1947) - V. 64, No. 6(2021:Nov./Dec.).***some issues missing
=856  40$uhttps://www.finearts.go.th/main/categorie/ebook?type_id=2&fbclid$yKrom Sinlapākǭn = กรมศิลปากร
=886  2\$2blmarc$a967$b00$gx
=957  \\$ande
=CAT  \\$aCONV$b00$c20040425$lBLL90$h0738
=CAT  \\$aCONV$b00$c20040502$lBLL01$h1322
=CAT  \\$aBATCH$b00$c20091122$lBLL01$h1042
=CAT  \\$a11522$b40$c20110617$lBLL01$h1546
=CAT  \\$a2717$b40$c20110623$lBLL01$h1319
=CAT  \\$a12282$b40$c20121116$lBLL01$h1540
=CAT  \\$a12282$b40$c20220814$lBLL01$h0813
=CAT  \\$a12282$b40$c20220814$lBLL01$h0814
=FIN  \\$aY$d20121116
=FMT  \\$a  SE
=LAS  \\$a12282$b40$c20220814$lBLL01$h0814
=LEO  \\$aMP13.0000770108
=SRC  \\$aHSS01$bbibmp13.200404.2.ab
=TCO  \\$aXXX$c008

