=LDR  03293cam a2200637   4500
=001  002251468
=003  Uk
=005  20220804121730.0
=008  781208s1726\\\\enk\\\\\\\\\\\000\0\eng\c
=019  x\$a1993190309
=035  \\$a(Uk-ES)006249236
=040  \\$aUk-ES$cUk-ES$dCStRLIN$dCU-RivES$dUk-ES$dUk$edcrmb
=100  1\$aArbuthnot, John,$d1667-1735.
=245  10$aIt cannot rain but it pours: or, London strow'd with rarities.$bBeing, an account of the arrival of a white bear, at the house of Mr. Ratcliff in Bishopsgate-Street: As also of the Faustina, the celebrated Italian singing woman; and of the copper-farthing dean from Ireland. And lastly, of the wonderful wild man that was nursed in the woods of Germany by a wild beast, hunted and taken in Toyls; how he behaveth himself like a dumb creature, and is a Christian like one of us, being call'd Peter; and how he was brought to Court all in green, to the great astonishment of the quality and gentry.
=246  3\$aLondon strow'd with rarities
=264  \1$aLondon :$bprinted for J. Roberts, near the Oxford-Arms, in Warwick-Lane,$cMDCCXXVI. [1726]
=300  \\$a10, [2] p. ;$c(8⁰)
=336  \\$atext$2rdacontent
=337  \\$aunmediated$2rdamedia
=338  \\$avolume$2rdacarrier
=340  \\$m8vo$2rdabf
=500  \\$aProbably started by John Arbuthnot, but completed by another hand.
=500  \\$aDoubtfully attributed to Dean Swift by Teerink in the first edition of his bibliography but ascribed to Arbuthnot et al. in the second edition.
=500  \\$aPrice from imprint: price Three-Pence.
=510  4\$aESTC,$cT9689
=600  00$aPeter,$cthe wild boy.
=700  1\$aRobert, James,$d1668 or 1669-1754,$ebookseller.
=700  1\$3Copy at 1080.i.17.(1.).,$aSloane, Hans,$cSir,$d1660-1753$eformer owner.$1http://isni.org/isni/0000000123196729$5Uk
=752  \\$aGreat Britain$bEngland$dLondon.
=852  41$aBritish Library$bHMNTS$j1080.i.17.(1.)
=852  41$aBritish Library$bHMNTS$j992.h.6.(9.)$3[Another copy.]
=856  41$uhttp://books.google.com/books?vid=NwVcAAAAQAAJ$yGoogle Books
=886  2\$2blmarc$a709$b00$aSWIFT$hJonathan$fDean of St. Patrick's$tMiscellaneous Single Works$p1080.i.17.(1.)$x3184460096
=985  \\$aCorrected by MS generated file for WR# 1805-0738
=985  \\$aUpgraded by BSS-generated file for WR2009-0365
=985  \\$aUpdated by MS generated file for WR# 2207-1865
=CAT  \\$aCONV$b00$c20040502$lBLL01$h0939
=CAT  \\$c20041110$lBLL01$h1835
=CAT  \\$aglobal_upd$b40$c20060416$lBLL01$h1322
=CAT  \\$aBLC-CORR2$c20061212$lBLL01$h1045
=CAT  \\$aBATCH-UPD$b00$c20070517$lBLL01$h1650
=CAT  \\$aBATCH$b00$c20091129$lBLL01$h0315
=CAT  \\$aBATCH-UPD$b00$c20150718$lBLL01$h1832
=CAT  \\$aW1807-1331$c20180721$lBLL01$h0808
=CAT  \\$a1805-0738$c20181026$lBLL01$h1800
=CAT  \\$a1805-0738$b00$c20181026$lBLL01$h1842
=CAT  \\$aW2009-0365$b00$c20201009$lBLL01$h1820
=CAT  \\$a14981E$b40$c20210716$lBLL01$h1802
=CAT  \\$a14981E$b40$c20210716$lBLL01$h1803
=CAT  \\$a9668$b40$c20220223$lBLL01$h1622
=CAT  \\$aW2207-1865$c20220804$lBLL01$h1201
=FIN  \\$aY
=FMT  \\$a  BK
=LAS  \\$aW2207-1865$b00$c20220804$lBLL01$h1201
=LEO  \\$aMP1.0002385246
=SRC  \\$aBLS01$bbibmp1.200404.2.ac

