=LDR  03764cam a2200589   4500
=001  000123561
=003  Uk
=005  20210413102400.0
=008  820210s1800\\\\enka\\\\\\\\\\000\0\eng\c
=019  x\$a0121230066
=035  \\$a(Uk-ES)006424177
=040  \\$aUk-ES$cUk-ES$dCU-RivES$dCStRLIN$dUk-ES$edcrmb
=130  0\$aHocus pocus junior.
=245  14$aThe whole art of legerdemain: or Hocus pocus in perfection.$bBy which any person of the meanest capacity may perform the whole art without a teacher, as performed by the best artist in the world to which are added, several tricks of cups and balls, &c. as performed by the little man without hands or feet. The wonderful art of fire eating.
=246  3\$aHocus pocus in perfection
=264  \1$a[London] :$bPrinted and sold in London,$c[1800?]
=300  \\$a24 p. :$bill. ;$c(12⁰)
=336  \\$atext$2rdacontent
=337  \\$aunmediated$2rdamedia
=338  \\$avolume$2rdacarrier
=340  \\$m12mo$2rdabf
=500  \\$aIn fact a revised edition by Henry Dean of the anonymous 'Hocus pocus junior'.
=500  \\$aA reissue of the 1750 edition (ESTC T52446) with a cancel title page.
=500  \\$aVignette on t.p.
=500  \\$aUnsigned.
=510  4\$aESTC,$cT52447
=700  1\$aDean, Henry.
=752  \\$aGreat Britain$bEngland$dLondon.
=787  0\$tThe Whole Art of Legerdemain: or Hocus Pocus in Perfection. By which any person of the meanest capacity may perform the whole art without a teacher ... To which are added several tricks of cups and balls, &c. as performed by the little man without hands or feet. The wonderful art of fire eating. [An abridgment of Henry Dean's version of "Hocus Pocus Junior," with additional material.]$w(Uk)MP1.0000140116$dpp. 24. London, [1750?] 12º.
=852  41$aBritish Library$bHMNTS$j1076.l.1.(17.)$3[A reissue, without the introduction.]
=856  41$uhttps://books.google.co.uk/books?id=kJU22fw9ClYC$yGoogle Books
=883  0\$aLanguage codes assigned by Bayesian analysis of words present in record$d20200826$qUk$c0.9919
=985  \\$aCorrected by BSS-generated file
=985  \\$aCorrected by MS generated file for WR# 1805-0738
=985  \\$aUpgraded by BSS-generated file for WR2009-0365
=CAT  \\$aCONV$b00$c20040502$lBLL01$h0851
=CAT  \\$aglobal_upd$b40$c20060416$lBLL01$h1246
=CAT  \\$aBLC-CORR2$c20061212$lBLL01$h1050
=CAT  \\$aBLSS-CORR$b00$c20080625$lBLL01$h1625
=CAT  \\$aBATCH$b00$c20091125$lBLL01$h2340
=CAT  \\$aW1807-1331$c20180719$lBLL01$h1725
=CAT  \\$aBATCH-UPD$b00$c20180719$lBLL01$h1739
=CAT  \\$a1805-0738$c20180907$lBLL01$h1948
=CAT  \\$a1805-0738$b00$c20180907$lBLL01$h2031
=CAT  \\$aW2009-0365$b00$c20201002$lBLL01$h1755
=CAT  \\$a14981E$b40$c20210413$lBLL01$h1024
=FIN  \\$aY
=FMT  \\$a  BK
=LAS  \\$a14981E$b40$c20210413$lBLL01$h1024
=LEO  \\$aMP1.0000140116.2
=LKR  \\$aPAR$b000123560$r787$lBLL01$m[The Whole Art of Legerdemain: or Hocus Pocus in Perfection. By which any person of the meanest capacity may perform the whole art without a teacher ... To which are added several tricks of cups and balls, &c. as performed by the little man without hands or feet. The wonderful art of fire eating. [An abridgment of Henry Dean's version of "Hocus Pocus Junior," with additional material.]]$nThe Whole Art of Legerdemain: or Hocus Pocus in Perfection. By which any person of the meanest capacity may perform the whole art without a teacher ... To which are added several tricks of cups and balls, &c. as performed by the little man without hands or feet. The wonderful art of fire eating. [An abridgment of Henry Dean's version of "Hocus Pocus Junior," with additional material.]
=SRC  \\$aBLS01$bbibmp1.200404.2.aa

