=LDR  02291cam a2200445   4500
=001  000134293
=003  Uk
=005  20210413122700.0
=008  820210s1788\\\\enk\\\\\\\\\\\000\0\eng\c
=019  x\$a0131370014
=035  \\$a(Uk-ES)006223370
=040  \\$aUk-ES$cUk-ES$dCStRLIN$dCU-RivES$dUk-ES$edcrmb
=245  04$aThe atheist's reward: or, A call from Heaven, on July the 24th, 1786.$bShewing, how a profane young 'squire was struck dead by thunder and lightning, for blasphemy against God. Two of his companions died soon after: another fell into a trance, in which he saw the torments of the wicked, and the joys of the blessed: he related the same to several divines, desiring that it might be published as a warning to other wicked persons. To which is annexed, an account of the apparition of the ghost of Major George Sydenham, (late of Dulverton, in the County of Somerset) to Captain William Dyke, (late of Skilgate, in the County of Somerset also, and now likewise deceased:)-- As it is related by a worthy and learned Gentleman, called Doctor Thomas Dyke, a near Kinsman of the Captain's.
=246  3\$aCall from Heaven, on July the 24th, 1786
=260  \\$a[London?] :$b[s.n.],$cPrinted in the year 1788.
=300  \\$a8 p. ;$c(8⁰)
=336  \\$atext$2rdacontent
=337  \\$aunmediated$2rdamedia
=338  \\$avolume$2rdacarrier
=340  \\$m8vo$2rdabf
=510  4\$aESTC,$cT22726
=650  \0$aAtheism$vEarly works to 1800.
=752  \\$aGreat Britain$bEngland$dLondon.
=852  41$aBritish Library$bHMNTS$j1076.l.15.(10.)
=856  41$uhttps://books.google.co.uk/books?id=HaNClqf9zF8C$yGoogle Books
=985  \\$aCorrected by MS generated file for WR# 1805-0738
=CAT  \\$aCONV$b00$c20040502$lBLL01$h0851
=CAT  \\$aglobal_upd$b40$c20060416$lBLL01$h1250
=CAT  \\$aBLC-CORR2$c20061212$lBLL01$h1042
=CAT  \\$aBLC-CORR$b00$c20070110$lBLL01$h1813
=CAT  \\$aBATCH$b00$c20091125$lBLL01$h2347
=CAT  \\$aBATCH$b00$c20101223$lBLL01$h1548
=CAT  \\$a1805-0738$c20180907$lBLL01$h1950
=CAT  \\$a1805-0738$b00$c20180907$lBLL01$h2031
=CAT  \\$a14981E$b40$c20210413$lBLL01$h1227
=FIN  \\$aY
=FMT  \\$a  BK
=LAS  \\$a14981E$b40$c20210413$lBLL01$h1227
=LEO  \\$aMP1.0000153486
=SRC  \\$aBLS01$bbibmp1.200404.2.aa

