=LDR  02250cam a2200529 i 4500
=001  019740726
=003  Uk
=005  20230223171529.0
=008  200212t20202020sp\\\\\\\\\\\\000\m\spa\d
=010  \\$a2020397507  
=020  \\$a9788417264161
=020  \\$a8417264167
=035  \\$a(OCoLC)1144547061
=040  \\$aYUS$beng$cDLC$dOCLCO$dFDA$dNOC$dOCLCO$dUTO$dOCL$dJHE$erda
=042  \\$aukblderived
=043  \\$ae-sp---
=050  04$aPQ6601.L26$bA4 2020
=050  \4$aPQ6601.L26$bZ48 2020
=100  1\$aAleixandre, Vicente,$d1898-1984,$eauthor.
=245  10$aVisitar todos los cielos :$bcartas a Gregorio Prieto (1924-1981) /$cVicente Aleixandre ; edición e introducción de Víctor Fernández.
=264  \1$aMadrid :$bFundación Santander,$c[2020]
=264  \4$c©2020
=300  \\$a178 pages ;$c24 cm.
=336  \\$atext$2rdacontent
=337  \\$aunmediated$2rdamedia
=338  \\$avolume$2rdacarrier
=490  1\$aCuadernos de Obra Fundamental
=500  \\$aLetter from Vicente Aleixandre a Gregorio Prieto and poems by Aleixandre in the Gregorio Prieto Archive.
=600  10$aAleixandre, Vicente,$d1898-1984$vCorrespondence.
=600  10$aPrieto, Gregorio,$d1897-1992$vCorrespondence.
=600  17$aAleixandre, Vicente,$d1898-1984$2fast$0(OCoLC)fst00030296
=600  17$aPrieto, Gregorio,$d1897-1992$2fast$0(OCoLC)fst00079613
=655  \7$aPersonal correspondence.$2fast$0(OCoLC)fst01919948
=655  \7$aPoetry.$2fast$0(OCoLC)fst01423828
=700  12$aAleixandre, Vicente,$d1898-1984.$tPoems.$kSelections.
=700  1\$aFernández, Víctor,$eeditor,$ewriter of introduction.
=830  \0$aCuadernos de obra fundamental.
=852  41$aBritish Library$bHMNTS$jYF.2022.a.19343
=856  41$uhttps://www.fundacionbancosantander.com/media/files/Colecci%C3%B3n%20obra%20fundamental/Visitar%20todos%20los%20cielos-V%20Aleixandre.pdf$yAlso available online, Click here!
=985  \\$aUpdated by MS generated file for WR2302-017
=CAT  \\$aBATCH-WEL$b00$c20220530$lBLL01$h1630
=CAT  \\$aBATCH-UPD$b00$c20220530$lBLL01$h1642
=CAT  \\$aW2302-0174$c20230223$lBLL01$h2045
=FIN  \\$aY$d20220530
=FMT  \\$a  BK
=LAS  \\$aW2302-0174$b00$c20230223$lBLL01$h2045
=SRC  \\$aOCLC$bOCLChits2205.lex

