=LDR  01928cam a2200385   4500
=001  020471476
=003  Uk
=005  20220201124942.0
=008  220201s2021\\\\cb\a\\\\\\\\\|0|0\0|eng\\
=040  \\$aUk$beng$cUk$erda
=041  \\$aeng$akhm
=042  \\$aukblsr
=245  00$aCambodia's young leaders and influencers:$b21 stories of grit and resilience.
=264  \1$aPhnom Penh :$bKonrad Adenauer Stiftung,$c2021
=300  \\$a99 pages :$billustrations ;$c21 cm
=336  \\$atext$2rdacontent
=337  \\$aunmediated$2rdamedia
=338  \\$avolume$2rdacarrier
=500  \\$aCover title.
=505  0\$a1. Dr. Deth Sok Udom -- 2. Mrs. Seng Reasey -- 3. Mr. Kok Tha -- 4. Miss Tan Kim Heng -- 5. Mr. Oung Pingann -- 6. Mrs. Chak Sopheap -- 7. Mr. Tim Malay -- 8. Miss Pich Charadine -- 9. Miss Kann Vicheika -- 10. Mrs. Sdeung Phearong -- 11. Miss Ly Sreysrors -- 12. Mr. Yean Reaksmey -- 13. Miss Oum Sam Tharoth -- 14. Mr. Heng Sokvisal -- 15. Miss Neak Sophal -- 16. Miss Thaung Thyda -- 17. Mrs. Heang Omuy -- 18. Miss Keo Kounila -- 19. Mr. Sok Sopheakmonkol -- 20. Miss Lim Kimsor -- 21. Mr. Sar Mory​.
=530  \\$aAvailable online https://www.kas.de/documents/264850/13163352/Cambodia+Young+Leaders+and+Influencers+-+EN.pdf/
=546  0\$aIn English and Khmer.
=650  \0$aEducational leadership$zCambodia.
=650  \0$aYouth$xSocial life and customs$zCambodia.
=650  \0$aSocial media and society$zCambodia.
=700  0\$aLong Chanbormey.
=700  0\$aDaniel Schmueckling.
=852  41$aBritish Library$bOC$jLP.31.a.1591
=856  40$uhttps://www.kas.de/documents/264850/13163352/Cambodia+Young+Leaders+and+Influencers+-+EN.pdf/$yKonrad Adenauer Stiftung, Phnom Penh
=CAT  \\$a12282$b40$c20220201$lBLL01$h1243
=CAT  \\$a12282$b40$c20220201$lBLL01$h1248
=CAT  \\$a12282$b40$c20220201$lBLL01$h1249
=FIN  \\$aY$d20220201
=FMT  \\$a  BK
=LAS  \\$a12282$b40$c20220201$lBLL01$h1249

