=LDR  02082ctm a2200469   4500
=001  020508467
=003  Uk
=005  20230223172817.0
=008  190130s2018\\\\xx\\\\\\\bm\\\000\0\eng\d
=040  \\$aCUY$beng$cCUY$dOCL$dOCLCO$dOCLCA$dOCLCQ$dOCLCO$dOCL$dOCLCO$dOCLCQ$erda
=043  \\$aa-cb---
=100  1\$aWalker, Trent Thomas,$eauthor.
=245  10$aUnfolding Buddhism :$bcommunal scripts, localized translations, and the work of the dying in Cambodian chanted leporellos /$cTrent Thomas Walker.
=264  \0$c2018.
=300  \\$axix, 1628 pages :$billustrations ;$c29-31 cm
=336  \\$atext$btxt$2rdacontent
=337  \\$aunmediated$bn$2rdamedia
=338  \\$avolume$bnc$2rdacarrier
=502  \\$bPh. D. in Buddhist studies$aDissertation$cUniversity of California, Berkeley$d2018
=504  \\$aIncludes bibliographical references (pages 1583-1628)
=530  \\$aAvailable online https://escholarship.org/uc/item/5199w721
=650  \0$aPrayers for the dead$xBuddhism.
=650  \0$aBuddhist chants$zCambodia$zThailand.
=650  \0$aTranslating and interpreting$zCambodia$zThailand$xReligious aspects.
=650  \0$aDeath$xReligious aspects$xBuddhism.
=650  \0$aBuddhism$zCambodia$zThailand.
=650  \0$aManuscripts, Khmer.
=650  \0$aManuscripts, Thai.
=650  \7$aPrayers for the dead$xBuddhism.$2fast$0(OCoLC)fst02020414
=650  \7$aDeath$xReligious aspects$xBuddhism.$2fast$0(OCoLC)fst00888653
=650  \7$aBuddhist chants.$2fast$0(OCoLC)fst00840134
=650  \7$aBuddhism.$2fast$0(OCoLC)fst00840028
=651  \7$aCambodia.$2fast$0(OCoLC)fst01207659
=655  \7$aAcademic theses.$2fast$0(OCoLC)fst01726453
=852  41$aBritish Library$bOC$jYP.2022.b.218
=856  40$uhttps://escholarship.org/uc/item/5199w721$yeScholarship Open Access Publications from the University of California
=985  \\$aUpdated by MS generated file for WR2302-017
=CAT  \\$a12282$b40$c20220308$lBLL01$h1409
=CAT  \\$aW2302-0174$c20230223$lBLL01$h2059
=FIN  \\$aY$d20220308
=FMT  \\$a  BK
=LAS  \\$aW2302-0174$b00$c20230223$lBLL01$h2059

