=LDR  02359cas a2200505 i 4500
=001  020576988
=003  Uk
=005  20220902132702.0
=008  060208c20059999th\uu\p\\\\\\f0\\\i0thao\
=022  \\$a1686-6541$l1686-6541$2p5
=040  \\$aDLC$beng$cDLC$dDLC$dOCLCQ$dDLC$dWAU$dOCLCQ$dOCLCF$dOCLCA$dDLC
=041  0\$atha$aeng
=042  \\$apcc
=043  \\$aag-----
=210  1\$aJ. Mekong Soc.
=222  \0$aJournal of Mekong Societies
=245  00$aWārasān sangkhom lumnām Khōng =$bJournal of Mekong societies.
=246  31$aJournal of Mekong societies
=260  \\$aKhō̜n Kǣn :$bSūn Wičhai Phahulak Sangkhom Lumnam Khō̜ng, Khana Manutsayasāt læ Sangkhommasāt, Mahāwitthayālai Khō̜n Kǣn,$c2005-
=300  \\$avolume :$billustrations ;$c21 cm
=310  \\$aThree times a year.
=362  0\$aPī thī 1, chabap thī1 (Makarākhom/Mēsāyon 2548 [2005])-
=500  \\$aAvailable online Open Access from <a href="https://so03.tci-thaijo.org/index.php/mekongjournal">ThaiJo</a>
=530  \\$aAvailable online https://so03.tci-thaijo.org/index.php/mekongjournal
=546  \\$aChiefly in Thai, some in English.
=588  \\$aLatest issue consulted: Pī thī 17, chabap thī3 (September - December 2021).
=651  \0$aMekong River Region$xSocial life and customs$zThailand$zLaos$zCambodia$zVietnam$vPeriodicals.
=651  \7$aMekong River Region.$2fast$0(OCoLC)fst01347260
=655  \7$aPeriodicals.$2fast$0(OCoLC)fst01411641
=710  2\$aMahāwitthayālai Khō̜n Kǣn.$bSūn Wičhai Phahulak Sangkhom Lumnam Khōng.
=776  08$iOnline version:$tWārasān sangkhom lumnām Khōng$w(OCoLC)607232960
=776  08$iOnline version:$tWārasān sangkhom lumnām Khōng$w(OCoLC)608552450
=852  41$aBritish Library$bOC$jZP.9.a.1366
=856  40$uhttps://so03.tci-thaijo.org/index.php/mekongjournal$yThaiJo
=CAT  \\$a14984$b40$c20220503$lBLL01$h2130
=CAT  \\$a14984$b40$c20220620$lBLL01$h1652
=CAT  \\$a14984$b40$c20220620$lBLL01$h1655
=CAT  \\$a12282$b40$c20220902$lBLL01$h1314
=CAT  \\$a12282$b40$c20220902$lBLL01$h1316
=CAT  \\$a12282$b40$c20220902$lBLL01$h1324
=CAT  \\$a12282$b40$c20220902$lBLL01$h1325
=CAT  \\$a12282$b40$c20220902$lBLL01$h1327
=FIN  \\$aY$d20220902
=FMT  \\$a  SE
=LAS  \\$a12282$b40$c20220902$lBLL01$h1327

