=LDR  03725pam a2200709 i 4500
=001  017468940
=003  Uk
=005  20170607085944.0
=008  150408s2015\\\\enka\\\\\b\\\\001\0\eng\d
=010  \\$a  2015938216
=015  \\$aGBB5A2542$2bnb
=016  7\$a017468940$2Uk
=020  \\$a9780198737131 (hbk.) :$c£50.00
=020  \\$a0198737130
=035  \\$a(OCoLC)ocn907446314
=040  \\$aStDuBDS$beng$cStDuBDS$dUk$erda
=041  1\$aeng$hger
=042  \\$aukblcatcopy
=050  00$aU21$b.C554 2015
=082  04$a355$223
=084  \\$a89.76$2bcl
=084  \\$a89.80$2bcl
=100  1\$aClausewitz, Carl von,$d1780-1831.
=240  10$aWorks.$kSelections.$lEnglish.$f2015
=245  10$aClausewitz on small war /$cCarl von Clausewitz ; edited and translated by Christopher Daase and James W. Davis ; with an introductory essay by James W. Davis.
=250  \\$aFirst edition.
=264  \1$aOxford, United Kingdom ;$aNew York, NY :$bOxford University Press,$c2015.
=264  \4$c©2015
=300  \\$a251 pages :$billustrations ;$c24 cm
=336  \\$atext$btxt$2rdacontent
=337  \\$aunmediated$bn$2rdamedia
=338  \\$avolume$bnc$2rdacarrier
=500  \\$aAn English-language edition of Clausewitz's 'Lectures on Small War' held at the Prussian War Academy in 1810 and 1811 as well as other works devoted to the analysis of small unit warfare.
=500  \\$aFormerly CIP.$5Uk
=504  \\$aIncludes bibliographical references (pages 227-230) and index.
=505  0\$a1. Introduction to Clausewitz on small war -- 2. My lectures on small war, held at the war college in 1810 and 1811 -- 3. Testimonial (Bekenntnisdenkschrift) -- 4. On the political advantages and disadvantages of the Prussian institution of the Landwehr -- 5. The arming of the people (Volksbewaffnung).
=520  \\$aWidely recognized as one of the most important theorists of warfare, important strands of Carl von Clausewitz's thinking on the subject are not widely known. In 'Clausewitz on Small War', Christopher Daase and James W. Davis begin to address this unfortunate state of affairs. In this volume they have assembled and translated Clausewitz's most important texts devoted to the analysis of asymetric, unconventional, guerrilla, and small-unit warfare, including Clausewitz's "Lectures on Small War", held at the Prussian War College in 1810 and 1811.
=546  \\$aTranslated from the German. Based on Werner Hahlweg's edition "Carl von Clausewitz, Schriften, Aufsätze, Studien, Briefe" (1966-90: 226-449).
=600  10$aClausewitz, Carl von,$d1780-1831.
=600  17$aClausewitz, Carl von,$d1780-1831$2fast$0(OCoLC)fst00048646
=600  17$aClausewitz, Carl von,$d1780-1831$2gnd$0(DE-588)11852111X
=650  \0$aWar.
=650  \0$aMilitary history.
=650  \4$aCounterinsurgency.
=650  \7$aMilitary history.$2fast$0(OCoLC)fst01021222
=650  \7$aWar.$2fast$0(OCoLC)fst01170328
=650  \7$aKleinkrieg.$2gnd$0(DE-588)4577695-7
=650  \7$aUpprorsbekämpning.$2sao
=650  \7$aKrigsvetenskap$xteori, filosofi.$2sao
=700  1\$aDaase, Christopher,$eeditor,$etranslator.
=700  1\$aDavis, James W.,$eeditor,$etranslator,$ewriter of introduction.
=852  41$aBritish Library$bHMNTS$jYC.2017.a.7298
=856  42$uhttps://global.oup.com/academic/product/clausewitz-on-small-war-9780198737131$yInhaltsbeschreibung
=CAT  \\$aBATCH-CIPN$b00$c20150805$lBLL01$h0905
=CAT  \\$a11373$b40$c20151125$lBLL01$h1048
=CAT  \\$aWR16_021$c20160718$lBLL01$h1808
=CAT  \\$a7183$b40$c20170607$lBLL01$h0854
=CAT  \\$a7183$b40$c20170607$lBLL01$h0859
=FIN  \\$aY$d20170607
=FMT  \\$a  BK
=LAS  \\$a7183$b40$c20170607$lBLL01$h0859
=SRC  \\$aBLL02

