=LDR  01376 as a22003373a 4500
=001  015358854
=003  Uk
=005  20190614184155.0
=008  090826c\\\\9999\\\|\|p\\\\\\\\\\\a0kor\\
=022  \\$a1976-572X
=040  \\$aUk$beng$cUk
=245  00$aChaepan charyo.
=260  \\$aSeoul :$bPobwon Tosogwan.
=336  \\$atext$2rdacontent
=337  \\$aunmediated$2rdamedia
=338  \\$avolume$2rdacarrier
=530  \\$aOnline version available via the Internet ;$cFree two years after publication.
=852  41$aBritish Library$bOC$jS.T.110/45(1-)$3Holdings: Volume 4-Issue 125 (Feb. 2013)***some issues missing.
=856  41$uhttps://library.scourt.go.kr/kor/ourspron/lawlib_list.jsp?sTitle=%EC%98%81%EB%AC%B8%ED%8C%90%EB%A1%80%EC%A7%91&ls_code=A0006&li_page=1$ySouth Korean Government Document
=883  0\$aLanguage codes assigned by Bayesian analysis of words present in record$d20181024$qUk$c0.997
=CAT  \\$a11522$b40$c20090826$lBLL01$h1542
=CAT  \\$a11522$b40$c20090826$lBLL01$h1555
=CAT  \\$a3391$b40$c20171127$lBLL01$h1607
=CAT  \\$a3391$b40$c20171127$lBLL01$h1608
=CAT  \\$a3391$b40$c20171127$lBLL01$h1616
=CAT  \\$a3391$b40$c20171204$lBLL01$h1825
=CAT  \\$a3391$b40$c20171204$lBLL01$h1826
=CAT  \\$aW1903-1550$b00$c20190614$lBLL01$h1841
=FMT  \\$a  SE
=LAS  \\$aW1903-1550$b00$c20190614$lBLL01$h1841
=TCO  \\$aZZZ$c008

