=LDR  01915aam a2200493 a 4500
=001  014536886
=003  Uk
=005  20180712212417.0
=008  080228s2008\\\\njua\\\\\\\\\\001\0\eng\d
=010  \\$a2007046851  
=015  \\$aGBA825059$2bnb
=016  7\$a014536886$2Uk
=020  \\$a9780470278789 (hbk.) :$c£7.99
=020  \\$a0470278781 (hbk.) :$c£7.99
=040  \\$aStDuBDS$beng$cStDuBDS$dUk
=042  \\$aukblsr
=082  04$a641.86$222
=245  00$aBetty Crocker simply dessert :$b100 recipes for the way you really cook.
=260  \\$aHoboken, N.J. :$bWiley ;$a[Chichester :$bJohn Wiley, distributor],$c2008.
=300  \\$a156 p. :$bcol. ill. ;$c23 cm.
=336  \\$atext$2rdacontent
=337  \\$aunmediated$2rdamedia
=338  \\$avolume$2rdacarrier
=500  \\$aFormerly CIP.$5Uk
=505  0\$aThe basics of cookies and bars -- The basics of cakes -- The basics of pies -- Dessert in a dish -- Cookies and bars -- Cakes and cupcakes -- Pies and tarts -- Frozen desserts.
=650  \0$aDesserts.
=650  \7$aDesserts.$2fast$0(OCoLC)fst00891422
=655  \4$aNonfiction.
=700  1\$aCrocker, Betty.
=852  41$aBritish Library$bHMNTS$jYK.2009.a.24456
=856  42$uhttp://catdir.loc.gov/catdir/enhancements/fy0805/2007046851-d.html$yPublisher description
=856  41$uhttp://catdir.loc.gov/catdir/enhancements/fy0805/2007046851-t.html$yTable of contents only
=BUF  \\$aN$d20080901
=CAT  \\$aBATCH-CIP$b00$c20080304$lBLL01$h1702
=CAT  \\$aBATCH$b00$c20080304$lBLL01$h1703
=CAT  \\$aBATCH$b00$c20080304$lBLL01$h1710
=CAT  \\$a10876$b40$c20080901$lBLL01$h1428
=CAT  \\$a8202$b40$c20090907$lBLL01$h1119
=CAT  \\$aWR16_021$c20160618$lBLL01$h1834
=CAT  \\$aBATCH-BUOC$b00$c20180712$lBLL01$h2121
=CAT  \\$aBATCH-UPD$b00$c20180712$lBLL01$h2125
=FIN  \\$aY$d20080901
=FMT  \\$a  BK
=LAS  \\$aBATCH-UPD$b00$c20180712$lBLL01$h2125

