=LDR  02358 as a2200529 a 4500
=001  014820611
=003  Uk
=005  20211012113953.0
=008  040512c20049999th\fr\p\\\\\\\0\\\i0thaoc
=010  \\$a2004224205
=022  \\$a1686-0667
=035  \\$a(OCoLC)55124182
=040  \\$aCOO$cCOO$dDLC$dOCLCQ$dDLC$dUk
=041  0\$atha$aeng
=042  \\$aukblsr
=043  \\$aa-th---
=222  \0$aWarasan Thai Khadi Sueksa
=245  00$6880-01$aWārasān Thaikhadīsưksā.
=246  30$aThaikhadīsưksā
=260  \\$aKrungthēp [Bangkok] :$bSathāban Thaikhadīsưksā, Mahāwitthayālai Thammasāt,$c[2004]-
=300  \\$avolume ;$c21 cm
=310  \\$aSemiannual
=336  \\$atext$2rdacontent
=337  \\$aunmediated$2rdamedia
=338  \\$avolume$2rdacarrier
=362  0\$aPī thī 1, chabap thī 1 (Tulākhom 2546 [Oct. 2003]/Mīnākhom 2547 [Mar. 2004])-
=500  \\$aAvailable online Open Access from <a href="https://so06.tci-thaijo.org/index.php/thaikhadijournal">Thai Journal Online (ThaiJo)</a>
=500  \\$aEach issue also has a distinctive title.
=500  \\$aLatest issue consulted: Vol. 4, no. 1 (Oct. 2006/Mar. 2007).
=530  \\$aAvailable online https://so06.tci-thaijo.org/index.php/thaikhadijournal
=546  \\$aChiefly in Thai; some articles are in English.
=651  \0$aThailand$vPeriodicals.
=710  2\$aMahāwitthayālai Thammasāt.$bSathāban Thaikhadīsưksā.
=852  41$aBritish Library$bOC$jZP.9.a.146$3Holdings: Pī thī 1, chabap thī 1 (Tulākhom 2546 [Oct. 2003]/Mīnākhom 2547 [Mar. 2004])-Vol. 4, no. 2(2007), Vol. 9, no. 2(2012)
=856  40$uhttps://so06.tci-thaijo.org/index.php/thaikhadijournal$yThai Journal Online (ThaiJo)
=880  00$6245-01$aวารสารไทยคดีศึกษา /$cสถาบันไทยคดีศึกษา มหาวิทยาลัยธรรมศาสตร์.
=CAT  \\$a7907$b40$c20081118$lBLL01$h1309
=CAT  \\$aBATCH-UPD$b40$c20090110$lBLL01$h2028
=CAT  \\$a12282$b40$c20131125$lBLL01$h1218
=CAT  \\$a12282$b40$c20211005$lBLL01$h1105
=CAT  \\$a12282$b40$c20211005$lBLL01$h1106
=CAT  \\$a12282$b40$c20211012$lBLL01$h1139
=FIN  \\$aY$d20211005
=FMT  \\$a  SE
=LAS  \\$a12282$b40$c20211012$lBLL01$h1139
=SID  \\$aZ39$bOCLC
=TCO  \\$aXXX$c008

