=LDR  02315cam a2200421   4500
=001  020968724
=003  Uk
=005  20230811134516.0
=008  230504s2022\\\\th\\\\\\\\\\\\000\0\tha\\
=020  \\$a9786165437660
=020  \\$a6165437664
=040  \\$aDLC$beng$cDLC$erda
=100  0\$6880-01$aPonkrit Wasīwiwat.
=245  10$6880-02$aPhonlawat khō̜ng khatichon kīeokap phra bō̜rommathāt čhēdī wat phra mahāthāt woramahawihān nai sangkhom Thai ruam samai =$bDynamics of Phra Borommathat Chedi folklore Wat Mahathat Woramahawihan in contemporary Thai society /$cPhonlakrit Wasiwiwat.
=250  \\$aPhim khrang rǣk.
=264  \1$aNakhō̧n Sī Thammarāt :$bʻOngkān borihān suan Čhangwat Nakhō̧n Sī Thammarāt,$c2565 [i.e. 2022]
=300  \\$a200 pages :$billustrations ;$c21 cm
=336  \\$atext$2rdacontent
=337  \\$aunmediated$2rdamedia
=338  \\$avolume$2rdacarrier
=500  \\$aIn Thai.
=504  \\$aIncludes bibliographical references (pages 191-199)
=530  \\$aAvailable online http://cuir.car.chula.ac.th/handle/123456789/69506
=650  \0$aFolklore$zNakhon Si Thammarat (Thailand).
=650  \0$aTheravāda Buddhism$xCustoms and practices$zNakhon Si Thammarat (Thailand).
=852  41$aBritish Library$bOC$jYP.2023.a.3395
=856  40$uhttp://cuir.car.chula.ac.th/handle/123456789/69506$yChulalongkorn University Intellectual Repository
=880  \\$6100-01$aพลกฤษณ์ วสีวิวัฒน์.
=880  \\$6245-02$aพลวัตของคติชนเกี่ยวกับพระบรมธาตุเจดีย์ วัดพระมหาธาตุวรมหาวิหารจังหวัดนครศรีธรรมราช ในสังคมไทยร่วมสมัย =$bDynamics of Phra Borommathat Chedi folklore Wat Mahathat Woramahawihan in contemporary Thai society /$cPhonlakrit Wasiwiwat.
=CAT  \\$a14984$b40$c20230222$lBLL01$h0330
=CAT  \\$aFX001$c20230413$lBLL01$h1941
=CAT  \\$a12282$b40$c20230626$lBLL01$h1430
=CAT  \\$a12282$b40$c20230626$lBLL01$h1503
=CAT  \\$a12282$b40$c20230626$lBLL01$h1509
=CAT  \\$a14185$b40$c20230811$lBLL01$h1345
=FIN  \\$aY$d20230626
=FMT  \\$a  BK
=LAS  \\$a14185$b40$c20230811$lBLL01$h1345

