=LDR  01786cam a2200421 i 4500
=001  021044115
=003  Uk
=005  20230802151357.0
=008  230503s2010\\\\bl\ab\\\\b\\\\000\0\por\\
=040  \\$aUk$beng$cUk$erda
=041  0\$apor$beng$bpor
=042  \\$aukblsr
=100  10$aFeitoza, Leandro Roberto,$eauthor.
=245  10$aNúcleo de Estudo de Planejamento e Uso da Terra (NEPUT) :$bsurgimento, fases e desempenho /$cLeandro Roberto Feitoza [and five others].
=264  \1$aVitória - ES :$bINCAPER,$c2010.
=300  \\$a223 leaves of pages :$billustrations (colour), maps (colour) ;$c30 cm
=336  \\$atext$2rdacontent
=336  \\$astill image$2rdacontent
=337  \\$aunmediated$2rdamedia
=338  \\$avolume$2rdacarrier
=500  \\$a"Relatório avulso no 01/2010."
=504  \\$aIncludes bibliographical references.
=546  \\$aText in Portuguese with abstract in English and Portuguese.
=610  27$aUniversidade Federal de Viçosa.$bNúcleo de Estudo de Planejamento e Uso da Terra.$2fast$0(OCoLC)fst02014405
=648  \7$a1973-2010.$2fast
=650  \0$aHistory.$2fast$0(OCoLC)fst01411628
=650  \7$aLand use$xPlanning$2fast$0(OCoLC)fst00991528
=710  2\$aINCAPER (Organization : Espírito Santo (Brazil : State)),$epublisher.
=852  41$aBritish Library$bHMNTS$jYF.2023.b.716
=856  41$uhttps://biblioteca.incaper.es.gov.br/digital/bitstream/item/4188/1/Relatorio-Neput-16-12-2010.pdf$yElectronic resource
=CAT  \\$a11131$b40$c20230503$lBLL01$h0751
=CAT  \\$a11342$b40$c20230518$lBLL01$h1403
=CAT  \\$a11342$b40$c20230518$lBLL01$h1406
=CAT  \\$a11342$b40$c20230522$lBLL01$h1412
=CAT  \\$a8497$b40$c20230802$lBLL01$h1513
=FIN  \\$aY$d20230518
=FMT  \\$a  BK
=LAS  \\$a8497$b40$c20230802$lBLL01$h1513

